@ARTICLE{Cheng,
  author={Cheng, Sisi and Wang, Feng and Li, Guangcai and Geng, Jianghui},
  journal={IEEE Sensors Journal}, 
  title={Single-Frequency Multi-GNSS PPP-RTK for Smartphone Rapid Centimeter-Level Positioning}, 
  year={2023},
  volume={23},
  number={18},
  pages={21553-21561},
  doi={10.1109/JSEN.2023.3301658}}

@ARTICLE{Shu,
  author={Shu, Yuanming and Xu, Peiliang and Niu, Xiaoji and Chen, Qijin and Qiao, Lulu and Liu, Jingnan},
  journal={IEEE Transactions on Instrumentation and Measurement}, 
  title={High-Rate Attitude Determination of Moving Vehicles With GNSS: GPS, BDS, GLONASS, and Galileo}, 
  year={2022},
  volume={71},
  number={},
  pages={1-13},
  doi={10.1109/TIM.2022.3168896}}

@ARTICLE{Villien,
  author={Villien, Christophe and Denis, Benoît},
  booktitle={2023 IEEE/ION Position, Location and Navigation Symposium (PLANS)}, 
  title={UWB-aided GNSS/INS Fusion for Resilient Positioning in GNSS Challenged Environments}, 
  year={2023},
  volume={},
  number={},
  pages={167-178},
  doi={10.1109/PLANS53410.2023.10139961}}

@ARTICLE{DiGrazia,
  author={Di Grazia, Domenico and Pisoni, Fabio and Gogliettino, Giovanni and Ardiero, Simone and Avellone, Giuseppe},
  booktitle={2022 IEEE International Workshop on Metrology for Automotive (MetroAutomotive)}, 
  title={A Triple-Band GNSS Receiver for High Accuracy Automotive Applications}, 
  year={2022},
  volume={},
  number={},
  pages={41-46},
  doi={10.1109/MetroAutomotive54295.2022.9855084}}

@BOOK{GNSS-ONU,
  author={Naciones Unidas, Oficina de Asuntos del Espacio Ultraterrestre},
  title={Programa de estudios Sistemas mundiales de navegación por satélite}, 
  publisher={},
  year={2013},
  volume={},
  number={},
  edition={ST/SPACE/59},
  address={}}
  
 @BOOK{MasteringMQTT,
  author={EMQ Technologies Inc.},
  title={Mastering MQTT. Your Ultimate Tutorial for MQTT}, 
  publisher={},
  year={2024},
  volume={},
  number={},
  edition={R24-3},
  address={}}

@misc{GNSS-Junta-Adalucia,
    title = {Aplicaciones GNSS},
    howpublished = {\url{https://www.juntadeandalucia.es/institutodeestadisticaycartografia/rap/aplicaciones-gnss}},
    note = {Accessed: 2023-11-01}
}

@misc{QL76,
    title = {Receptor GNSS Quectel L76},
    howpublished = {\url{https://www.quectel.com/product/gnss-l76}},
    note = {Accessed: 2023-11-6}
}

@misc{ESPRESSIF,
    title = {Hardware Reference - ESPRESSIF},
    howpublished = {\url{https://docs.espressif.com/projects/esp-idf/en/latest/esp32/hw-reference/index.html}},
    note = {Accessed: 2023-11-6}
}

@misc{A7670SA,
    title = {Módulo 4G SIMA7670SA},
    howpublished = {\url{https://www.simcom.com/product/A7670X.html}},
    note = {Accessed: 2023-11-6}
}

@misc{FreeRTOS,
    title = {The FreeRTOS™ Kernel},
    howpublished = {\url{https://www.freertos.org/RTOS.html}},
    note = {Accessed: 2023-11-6}
}

@BOOK{SoC_Fundamentals,
  author={Rene Beuchat and Florian Depraz and Andrea Guerrieri and Sahand Kashani},
  title={Fundamentals of System-on-Chip Design on Arm Cortex-M Microcontrollers}, 
  publisher={ARM Educational Media},
  year={2021}
}

@BOOK{Osio,
  author={Jorge R. Osio and Walter J. Aróztegui and José A. Rapallini},
  title={Sistemas digitales basados en microcontroladores}, 
  publisher={Facultad de Ingeniería Universidad Nacional de la Plata. EDULP},
  year={2020},
  volume={},
  number={},
  edition={},
  address={},
  ISBN={ISBN 978-950-34-1873-4}
}

@misc{ESP32-DevKit,
    title = {ESP32-DevKit-V1},
    howpublished = {\url{https://docs.espressif.com/projects/esp-idf/en/latest/esp32/hw-reference/esp32/get-started-devkitc.html}},
    note = {Accessed: 2023-11-6}
}

@misc{ESP32-DevKit-pinout,
    title = {ESP32 Pinout Reference: Which GPIO pins should you use?},
    howpublished = {\url{https://randomnerdtutorials.com/esp32-pinout-reference-gpios/}},
    note = {Accessed: 2023-11-6}
}

@misc{GoogleMaps,
    title = {¿Qué es Google Maps Platform?},
    howpublished = {\url{https://developers.google.com/maps/faq?hl=es-419}},
    note = {Accessed: 2023-11-14}
}

@misc{coldtainer,
    title = {ColdTainer},
    howpublished = {\url{https://www.coldtainer.es}},
    note = {Accessed: 2023-11-14}
}

